@Online{CalcB1,
  author =       {扈志明 and 章纪民},
  title =        {微积分——极限理论与一元函数},
  urldate =      {2025-05-20},
  url =          {https://www.xuetangx.com/course/THU07011000400},
  publisher =    {学堂在线}
}

@Online{CalcB2,
  author =       {扈志明 and 章纪民},
  title =        {微积分——多元函数与重积分},
  urldate =      {2025-05-20},
  url =          {https://www.xuetangx.com/course/THU07011000401},
  publisher =    {学堂在线}
}

@Online{PamanBio,
  author =       {J J O'Connor and E F Robertson},
  title =        {Roger {P}aman},
  urldate =      {2024-09-09},
  url =          {https://mathshistory.st-andrews.ac.uk/Biographies/Paman/},
  publisher =    {MacTutor},
  year =         2000,
  month =        {Jan}
}

@Online{ConvexCombWiki,
  author =       {{Wikipedia}},
  title =        {Convex combination},
  urldate =      {2025-05-20},
  url =          {https://en.wikipedia.org/wiki/Convex_combination},
  publisher =    {Wikimedia Foundation},
  year =         2025,
  month =        {Jan}
}

@Online{ArccotMathWorld,
  author =       {Weisstein, Eric W.},
  title =        {Inverse Cotangent},
  urldate =      {2025-05-27},
  url =          {https://mathworld.wolfram.com/InverseCotangent.html},
  publisher =    {MathWorld}
}

@Online{5099525,
    title = {Can you say $f$ that is continuous at point $a$ is differentiable at point $a$ provided that $\lim_{h→0}(f(a+2h) - f(a+h))/h$ exists?},
    author = {Dermot Craddock},
    howpublished = {Mathematics Stack Exchange},
    note = {URL:https://math.stackexchange.com/q/5099525 (version: 2025-10-02)},
    eprint = {https://math.stackexchange.com/q/5099525},
    URL = {https://math.stackexchange.com/q/5099525},
    urldate = {2025-10-02}
}

@article{Aull67,
 ISSN = {00029890, 19300972},
 URL = {http://www.jstor.org/stable/2314269},
 doi = {10.1080/00029890.1967.12000020},
 author = {C. E. Aull},
 journal = {Am. Math. Mon.},
 number = 6,
 pages = {708--711},
 publisher = {Mathematical Association of America},
 title = {The First Symmetric Derivative},
 urldate = {2025-10-04},
 volume = 74,
 year = 1967
}
